@article{chen2020bias,
  title   = {Bias and debias in recommender system: A survey and future directions},
  author  = {Chen, Jiawei and Dong, Hande and Wang, Xiang and Feng, Fuli and Wang, Meng and He, Xiangnan},
  journal = {arXiv preprint arXiv:2010.03240},
  year    = {2020}
}